<?xml version="1.0" encoding="utf-8"?>
<record xmlns="http://www.loc.gov/MARC21/slim" xmlns:xsi="http://www.w3.org/2001/XMLSchema-instance" xsi:schemaLocation="http://www.loc.gov/MARC21/slim http://www.loc.gov/standards/marcxml/schema/MARC21slim.xsd">
	<leader>     nam a22     Mi 4500</leader>
	<controlfield tag="001">6638</controlfield>
	<controlfield tag="003">aeadna</controlfield>
	<controlfield tag="006">m        d        </controlfield>
	<controlfield tag="007">cr cn |||m|||a</controlfield>
	<controlfield tag="008">220524s19401941ua   baeo    n00| 0|ara|d</controlfield>
	<datafield ind1=" " ind2=" " tag="040">
		<subfield code="a">ZYU</subfield>
		<subfield code="b">ara</subfield>
		<subfield code="c">ZYU</subfield>
	</datafield>
	<datafield ind1="0" ind2=" " tag="041">
		<subfield code="a">ara</subfield>
	</datafield>
	<datafield ind1=" " ind2=" " tag="043">
		<subfield code="a">f-ua---</subfield>
	</datafield>
	<datafield ind1=" " ind2="4" tag="050">
		<subfield code="a">DT83</subfield>
		<subfield code="b">.H269 1941</subfield>
	</datafield>
	<datafield ind1="1" ind2="4" tag="082">
		<subfield code="a">932</subfield>
		<subfield code="b">21</subfield>
	</datafield>
	<datafield ind1="1" ind2=" " tag="100">
		<subfield code="a">حمزة، عبد القادر،</subfield>
		<subfield code="d">1879 أو 1880-1941</subfield>
	</datafield>
	<datafield ind1="1" ind2="0" tag="245">
		<subfield code="a">على هامش التاريخ المصري القديم</subfield>
		<subfield code="h">[electronic resource] /</subfield>
		<subfield code="c">تأليف عبدالقادر حمزة باشا</subfield>
	</datafield>
	<datafield ind1=" " ind2=" " tag="260">
		<subfield code="a">القاهرة :</subfield>
		<subfield code="b">مطبعة دار الكتب المصرية ،</subfield>
		<subfield code="c">1940-1941 م.</subfield>
	</datafield>
	<datafield ind1=" " ind2=" " tag="300">
		<subfield code="a">online resource (ج. 2 (195 ص.)) :</subfield>
		<subfield code="b">صور، خرائط ؛</subfield>
	</datafield>
	<datafield ind1=" " ind2=" " tag="500">
		<subfield code="a">الكتاب في مجلدين: المجلد الأول في 240 صفحة، صدر عام 1940. والمجلد الثّاني في  195 صفحة، صدر عام 1941.</subfield>
	</datafield>
	<datafield ind1=" " ind2=" " tag="500">
		<subfield code="a">توجد عبارة في نهاية المجلد الثاني :&quot; كمل طبع المجلد الثّاني من كتاب&quot; على هامش التاريخ المصري القديم&quot; بمطبعة دار الكتب المصرية في يوم الثلاثاء 11 جمادى الولى سنة 1361 (26 مايو سنة 1942) . محمد نديم - ملاحظ المطبعة بدار الكتب المصرية.</subfield>
	</datafield>
	<datafield ind1=" " ind2=" " tag="500">
		<subfield code="a">حالة الكتاب المادية جيدة جدًا</subfield>
	</datafield>
	<datafield ind1=" " ind2=" " tag="500">
		<subfield code="a">Part of the Arabic Collections Online (ACO) project, contributed by United Arab Emirates National Archives.</subfield>
	</datafield>
	<datafield ind1=" " ind2=" " tag="502">
		<subfield code="a"/>
	</datafield>
	<datafield ind1=" " ind2=" " tag="504">
		<subfield code="a"/>
	</datafield>
	<datafield ind1="0" ind2=" " tag="505">
		<subfield code="a"/>
	</datafield>
	<datafield ind1=" " ind2=" " tag="520">
		<subfield code="a"/>
	</datafield>
	<datafield ind1=" " ind2=" " tag="521">
		<subfield code="a"/>
	</datafield>
	<datafield ind1=" " ind2=" " tag="533">
		<subfield code="a">Electronic reproduction.</subfield>
		<subfield code="b">New York, N.Y. :</subfield>
		<subfield code="c">New York University,</subfield>
		<subfield code="d">2022.</subfield>
		<subfield code="5">NNU</subfield>
	</datafield>
	<datafield ind1=" " ind2=" " tag="540">
		<subfield code="a"/>
	</datafield>
	<datafield ind1=" " ind2=" " tag="546">
		<subfield code="a"/>
	</datafield>
	<datafield ind1=" " ind2=" " tag="550">
		<subfield code="a"/>
	</datafield>
	<datafield ind1=" " ind2=" " tag="541">
		<subfield code="a">الكتاب هدية سمو الشيخ فالح بن ناصر آل ثاني إلى مكتبة مركز الوثائق والدراسات أبو ظبي</subfield>
	</datafield>
	<datafield ind1=" " ind2=" " tag="580">
		<subfield code="a"/>
	</datafield>
	<datafield ind1=" " ind2="4" tag="650">
		<subfield code="a">الآثار الفرعونية</subfield>
	</datafield>
	<datafield ind1=" " ind2="4" tag="651">
		<subfield code="a">مصر القديمة</subfield>
		<subfield code="x">تاريخ</subfield>
	</datafield>
	<datafield ind1=" " ind2="4" tag="651">
		<subfield code="a">مصر</subfield>
		<subfield code="x">الآثار</subfield>
	</datafield>
	<datafield ind1=" " ind2="4" tag="651">
		<subfield code="a">مصر</subfield>
		<subfield code="x">حضارة</subfield>
		<subfield code="y">حتى 332 ق. م.</subfield>
	</datafield>
	<datafield ind1=" " ind2="4" tag="651">
		<subfield code="a">مصر</subfield>
		<subfield code="x">حضارة</subfield>
		<subfield code="y">حتى 640 ب. م.</subfield>
	</datafield>
	<datafield ind1=" " ind2="4" tag="651">
		<subfield code="a">مصر</subfield>
		<subfield code="x">حضارة.</subfield>
	</datafield>
	<datafield ind1="2" ind2=" " tag="710">
		<subfield code="a">Abu Dhabi (United Arab Emirates).</subfield>
		<subfield code="b">National Archives.</subfield>
	</datafield>
	<datafield ind1="0" ind2=" " tag="730">
		<subfield code="a">Arabic Collections Online.</subfield>
	</datafield>
	<datafield ind1="0" ind2="8" tag="776">
		<subfield code="i">Print version:</subfield>
		<subfield code="a">حمزة، عبد القادر، 1879 أو 1880-1941</subfield>
		<subfield code="t">على هامش التاريخ المصري القديم</subfield>
		<subfield code="w">(aeadna)6638</subfield>
	</datafield>
	<datafield ind1="4" ind2="0" tag="856">
		<subfield code="u">http://hdl.handle.net/2333.1/mgqnkn7x</subfield>
	</datafield>
	<datafield ind1=" " ind2=" " tag="949">
		<subfield code="a">932 ب ا غ ف</subfield>
		<subfield code="w">DDC</subfield>
		<subfield code="i">30018000000574</subfield>
		<subfield code="u">06/23/2003</subfield>
		<subfield code="d">04/26/2010</subfield>
		<subfield code="n">0</subfield>
		<subfield code="t">Book</subfield>
		<subfield code="l">av</subfield>
		<subfield code="m">MAIN</subfield>
		<subfield code="x">RAR</subfield>
	</datafield>
	<datafield ind1=" " ind2=" " tag="959">
		<subfield code="a">NNU</subfield>
		<subfield code="b">WEB</subfield>
		<subfield code="c">GENI</subfield>
		<subfield code="t">0</subfield>
		<subfield code="m">Electronic access</subfield>
		<subfield code="s">01</subfield>
	</datafield>
	<datafield ind1=" " ind2=" " tag="999">
		<subfield code="i">aeadna_6638</subfield>
		<subfield code="s">uaena_aco000094:1</subfield>
		<subfield code="e">(ERROR-880)(ERROR-MISC)</subfield>
	</datafield>
</record>
